@misc{SLAM,
  author = {},
  title = {Simultaneous Localization And Mapping},
  year = {2018},
  note = {Last edited 2018-09-15},
  url = {https://en.wikipedia.org/wiki/Simultaneous_localization_and_mapping}
}

@misc{RTAB-MAP,
  author = {Mathieu Labbe},
  title = {Real-Time Appearance-Based Mapping},
  year = {2018},
  note = {Last edited 2018-05-06},
  url = {http://wiki.ros.org/rtabmap}
}
